@misc{data_science_primer,
  author = {zipfian},
  title = {data-science-primer},
  year = {2015},
  publisher = {GitHub},
  journal = {GitHub repository},
  howpublished = {\url{https://github.com/zipfian/data-science-primer}},
  commit = {871257980c162307e06549662158d040ce542818}
}

@BOOK{Flach2012,
  author = {Peter Flach},
  editor = {},
  title = {Machine Learning: The Art and Science of Algorithms that Make Sense of Data},
  publisher = {Cambridge University Press},
  year = {2012},
  otherinfo = {}
}

@Book{slatkin2015effective,
 author = {Slatkin, Brett},
 title = {Effective Python : 59 specific ways to write better Python},
 publisher = {Addison-Wesley},
 year = {2015},
 address = {Upper Saddle River, NJ},
 isbn = {978-0-13-403428-7}
 } 

@Book{martin2009clean,
 author = {Martin, Robert},
 title = {Clean code : a handbook of agile software craftsmanship},
 publisher = {Prentice Hall},
 year = {2009},
 address = {Upper Saddle River, NJ},
 isbn = {0-13-235088-2}
 }
